@article{Bhardwaj2021,
author={A. Bhardwaj and L. Sam and F. J. Martin-Torres},
title={The challenges and possibilities of earthquake predictions using non-seismic precursors},
journal={The European Physical Journal Special Topics},
volume={230},
pages={367-380},
year={2021},
doi={10.1140/epjst/e2020-000257-3}
}

@misc{DeLeon2020,
title={{Sistema para el monitoreo y registro de señales electromagnéticas asociadas a precursores sísmicos}},
author={De León Ramírez, Gibran Adan and Domínguez Delgadillo, José Humberto},
note={Trabajo Terminal II, Instituto Politécnico Nacional, Unidad Profesional Interdisciplinaria en Ingeniería y Tecnologías Avanzadas},
year={2020},
organization={Instituto Politécnico Nacional},
address={Ciudad de México},
advisor={Jorge Fonseca Campos and Israel Reyes Ramírez}
}

@article{eftaxias2003experience,
  title={Experience of short term earthquake precursors with VLF--VHF electromagnetic emissions},
  author={Eftaxias, K and Kapiris, P and Polygiannakis, J and Peratzakis, A and Kopanas, J and Antonopoulos, G and Rigas, D},
  journal={Natural Hazards and Earth System Sciences},
  volume={3},
  number={3/4},
  pages={217--228},
  year={2003},
  publisher={Copernicus Publications G{\"o}ttingen, Germany}
}

@misc{Guerrero2019,
title={{Sistema de monitoreo y registro de señales asociadas a precursores sísmicos en la costa mexicana del Pacífico}},
author={Guerrero Olvera, Benjamín and Reséndiz Facio, José Francisco},
note={Trabajo Terminal II, Instituto Politécnico Nacional, Unidad Profesional Interdisciplinaria en Ingeniería y Tecnologías Avanzadas},
year={2019},
organization={Instituto Politécnico Nacional},
address={México, D.F.},
advisor={Jorge Fonseca Campos and Israel Reyes Ramírez and José Antonio Peralta}
}

@article{hayakawa1999fractal,
  title={Fractal analysis of ULF geomagnetic data associated with the Guam earthquake on August 8, 1993},
  author={Hayakawa, Masashi and Ito, Tetsuya and Smirnova, Natalia},
  journal={Geophysical Research Letters},
  volume={26},
  number={18},
  pages={2797--2800},
  year={1999},
  publisher={Wiley Online Library}
}

@article{hayakawa2007monitoring,
  title={Monitoring of ULF (ultra-low-frequency) geomagnetic variations associated with earthquakes},
  author={Hayakawa, Masashi and Hattori, Katsumi and Ohta, Kenji},
  journal={Sensors},
  volume={7},
  number={7},
  pages={1108--1122},
  year={2007},
  publisher={Molecular Diversity Preservation International}
}

@inproceedings{HerraizSarachaga2012,
author = {Herraiz Sarachaga, Miguel and Sánchez-Dulcet, Francisco},
booktitle = {Proc. XVII Congreso Geológico Argentino},
title = {Efectos de la actividad sísmica en la ionosfera; características y posibles aplicaciones},
address = {Mendoza, Argentina},
month = aug,
year = {2012},
pages = {546-553},
}

@article{mcnally1983seismic,
  title={Seismic gaps in space and time},
  author={McNally, Karen C},
  journal={Annual Review of Earth and Planetary Sciences},
  volume={11},
  number={1},
  pages={359--369},
  year={1983},
  publisher={Annual Reviews 4139 El Camino Way, PO Box 10139, Palo Alto, CA 94303-0139, USA}
}

@misc{PerezS2022,
author = "Pérez Sánchez, Isaac",
title = "{Sistema IoT para la medición, registro y despliegue web de señales electromagnéticas, geo-eléctricas y acústicas asociadas a precursores sísmicos}",
year = "2022",
howpublished = "Proyecto Terminal 2, Instituto Politécnico Nacional, Unidad Profesional Interdisciplinaria en Ingeniería y Tecnologías Avanzadas",
note = "Para obtener el título de Ingeniero en Telemática"
}

@article{scholz1997whatever,
  title={Whatever happened to earthquake prediction?},
  author={Scholz, Christopher},
  journal={Geotimes},
  volume={42},
  number={3},
  pages={16--19},
  year={1997},
  publisher={[Falls Church, Va., etc. American Geological Institute]}
}

@misc{SGM,
  title = {Causas, Características e Impactos de los Riesgos Geológicos},
  author = {{Servicio Geológico Mexicano}},
  year = {s.f.},
  url = {https://www.sgm.gob.mx/Web/MuseoVirtual/Riesgos-geologicos/Causas-caracteristicas-e-impactos.html},
  note = {Accedido el 24 de abril de 2023}
}
@misc{SGM2023,
  author = {{Servicio Geológico Mexicano}},
  title = {Sismología de México},
  year = {2023},
  note = {Recuperado de https://www.sgm.gob.mx/Web/MuseoVirtual/Riesgos-geologicos/Sismologia-de-Mexico.html}
}

@misc{SSN,
title={Sismos fuertes},
author={{Servicio Sismológico Nacional (SSN)}},
year={s.f.},
howpublished={\url{http://www2.ssn.unam.mx:8080/sismos-fuertes/}},
organization={Universidad Nacional Autónoma de México},
urldate={2023-04-21}
}

@misc{Valencia2012,
title={{TELESISMUX: Subsistema telemático para una estación sísmica remota}},
author={Valencia Pesqueira, José David},
note={Trabajo Terminal, Instituto Politécnico Nacional, Unidad Profesional Interdisciplinaria en Ingeniería y Tecnologías Avanzadas},
year={2012},
organization={Instituto Politécnico Nacional},
address={México, D.F.}
}

@article{varotsos1984physical,
  title={Physical properties of the variations of the electric field of the earth preceding earthquakes, I},
  author={Varotsos, P and Alexopoulos, K},
  journal={Tectonophysics},
  volume={110},
  number={1-2},
  pages={73--98},
  year={1984},
  publisher={Elsevier}
}

@article{wyss1997cannot,
  title={Cannot earthquakes be predicted?},
  author={Wyss, Max},
  journal={Science},
  volume={278},
  number={5337},
  pages={487--490},
  year={1997},
  publisher={American Association for the Advancement of Science}
}

@article{yepez1995electric,
  title={Electric field patterns as seismic precursors},
  author={Y{\'e}pez, E and Angulo-Brown, Fernando and Peralta, JA and Pavia, CG and Gonz{\'a}lez-Santos, G},
  journal={Geophysical research letters},
  volume={22},
  number={22},
  pages={3087--3090},
  year={1995},
  publisher={Wiley Online Library}
}